@incollection{Stillwell1994,
    title = {{Algebra and Geometry}},
    year = {1994},
    booktitle = {Elements of Algebra : Geometry, Numbers, Equations},
    author = {Stillwell, John},
    pages = {1--17},
    series = {Undergraduate Texts in Mathematics 2197-5604 TA  - TT  -},
    volume = {26},
    publisher = {New York, NY : Springer New York : Springer},
    isbn = {978-1-4419-2839-9 978-1-4757-3976-3; 0172-6056 2197-5604},
    doi = {10.1007/978-1-4757-3976-3{\_}1 LK  - https://tudelft.on.worldcat.org/oclc/7078668962}
}

@phdthesis{Kruimer2021,
    title = {{An Engineering Approach to Macroeconomic Scenario Modelling}},
    year = {2021},
    author = {Kruimer, Gilbert J L},
    school = {Delft University of Technology}
}

@phdthesis{Kruimer2021a,
    title = {{An Engineering Approach to Macroeconomic Scenario Modelling}},
    year = {2021},
    author = {Kruimer, Gilbert J L},
    school = {Delft University of Technology}
}

@book{Nelsen2006,
    title = {{An Introduction to Copulas}},
    year = {2006},
    author = {Nelsen, Roger B.},
    edition = {2},
    publisher = {Springer Science+Business Media},
    address = {New York},
    isbn = {978-0387-28659-4}
}

@book{Higham2004,
    title = {{An Introduction to Financial Option Valuation: Mathematics, Stochastics and Computation}},
    year = {2004},
    author = {Higham, Desmond J.},
    pages = {98},
    publisher = {Cambridge University Press},
    address = {Camb},
    isbn = {978-0-511-33704-8}
}

@misc{Garrett2013,
    title = {{An Introduction to the Mathematics of Finance: a Deterministic Approach}},
    year = {2013},
    author = {Garrett, S J (Stephen J.)},
    edition = {2},
    publisher = {Butterworth-Heinemann},
    address = {Kidlington, Oxford},
    isbn = {0080982409 9780080982403 0080982751 9780080982755},
    language = {English}
}

@book{Garrett2013a,
    title = {{An Introduction to the Mathematics of Finance: a Deterministic Approach}},
    year = {2013},
    author = {Garrett, S J},
    edition = {Second edi},
    publisher = {Butterworth-Heinemann},
    url = {http://www.sciencedirect.com/science/book/9780080982403 http://0-www.sciencedirect.com.pugwash.lib.warwick.ac.uk/science/book/9780080982403 http://vh7qx3xe2p.search.serialssolutions.com/?V=1.0&L=VH7QX3XE2P&S=JCs&C=TC0001141575&T=marc&tab=BOOKS https://ebo},
    address = {Kidlington, Oxford},
    isbn = {0080982409 9780080982403 0080982751 9780080982755},
    doi = {10.2307/3611764},
    issn = {00255572},
    language = {English}
}

@book{Tsay2002,
    title = {{Analysis of Financial Time Series}},
    year = {2002},
    author = {Tsay, Ruey S.},
    publisher = {John Wiley and Sons},
    address = {New York},
    isbn = {0-471-41544-8}
}

@book{Burke1985,
    title = {{Applied Differential Geometry}},
    year = {1985},
    author = {Burke, William L (University of California)},
    pages = {430},
    publisher = {Cambridge University Press},
    url = {https://tudelft.on.worldcat.org/oclc/10949606},
    address = {Cambridge},
    isbn = {0-521-26317}
}

@article{Sarkka2010,
    title = {{Bayesian Filtering and Smoothing}},
    year = {2010},
    journal = {Bayesian Filtering and Smoothing},
    author = {S{\"{a}}rkk{\"{a}}, Simo},
    pages = {1--232},
    isbn = {9781139344203},
    doi = {10.1017/CBO9781139344203}
}

@book{Borutzky2010,
    title = {{Bond graph methodology: Development and analysis of multidisciplinary dynamic system models}},
    year = {2010},
    booktitle = {Bond Graph Methodology: Development and Analysis of Multidisciplinary Dynamic System Models},
    author = {Borutzky, Wolfgang},
    number = {8},
    pages = {1--662},
    volume = {44},
    publisher = {Springer},
    isbn = {9781848828810},
    doi = {10.1007/978-1-84882-882-7}
}

@book{Borutzky2011,
    title = {{Bond Graph Modelling of Engineering Systems: Theory, Applications and Software Support}},
    year = {2011},
    author = {Borutzky, Wolfgang},
    pages = {453},
    isbn = {1441993673}
}

@book{Spivak1965,
    title = {{Calculus on Manifolds - A Modern Approach to Classical Theorems on Advanced Calculus}},
    year = {1965},
    booktitle = {Mathematics Monograph Series},
    author = {Spivak, Michael},
    editor = {Gunning, Robert and Rossi, Hugo},
    pages = {1--161},
    publisher = {CRC Press},
    isbn = {978-0-8053-9021-6}
}

@article{Balazs1986,
    title = {{Chaos on the Pseudosphere}},
    year = {1986},
    journal = {Physics Reports},
    author = {Balazs, N. L. and Voros, A.},
    number = {3},
    pages = {109--240},
    volume = {143},
    doi = {10.1016/0370-1573(86)90159-6},
    issn = {03701573}
}

@book{Kulp,
    title = {{Classical Mechanics - A Computational Approach with Examples using Mathematica and Python}},
    year = {2021},
    author = {Kulp, Christopher W and Pagonis, Vasilis},
    publisher = {CRC Press},
    address = {Boca Raton, FL},
    isbn = {9781138495289}
}

@book{Bruna2013,
    title = {{Complex Analysis}},
    year = {2010},
    booktitle = {Complex Analysis},
    author = {Bak, Joseph and Newman, Donald J},
    edition = {3},
    series = {Undergratuate Texts in Mathematics},
    publisher = {Springer Science+Business Media},
    address = {New York}
}

@book{Bak2010,
    title = {{Complex analysis}},
    year = {2010},
    booktitle = {Complex Analysis},
    author = {Bak, Joseph. and Newman, Donald J},
    edition = {3rd ed. NV},
    series = {Undergraduate texts in mathematics},
    publisher = {Springer Science+Business Media, LLC},
    url = {http://site.ebrary.com/id/10406603 https://search.ebscohost.com/login.aspx?direct=true&scope=site&db=nlebk&db=nlabk&AN=2541366 https://public.ebookcentral.proquest.com/choice/publicfullrecord.aspx?p=6310442 http://books.scholarsportal.info/viewdoc.html?id},
    address = {New York},
    isbn = {9781441972880 1441972889 1441972870 9781441972873},
    doi = {10.1007/978-1-4419-7288-0 LK - https://tudelft.on.worldcat.org/oclc/667680180},
    language = {English}
}

@book{Astrom1997,
    title = {{Computer-Controller Systems: Theory and Design}},
    year = {1997},
    author = {Astr{\"{o}}m, Karl J. and Wittenmark, Björn},
    edition = {3},
    publisher = {Prentice Hall}
}

@book{Pham2009,
    title = {{Continuous-time Stochastic Control and Optimization with Financial Applications (Stochastic Modelling and Applied Probability)}},
    year = {2009},
    author = {Pham, Huyên},
    number = {8},
    pages = {249},
    volume = {44},
    url = {http://www.elsevier.com/locate/scp http://www.amazon.com/Continuous-time-Stochastic-Optimization-Applications-Probability/dp/3540894993},
    isbn = {3540894993},
    keywords = {icle}
}

@book{Keviczky2019,
    title = {{Control Engineering}},
    year = {2019},
    booktitle = {Control Engineering},
    author = {Keviczky, László and Bars, Ruth and Hetth{\'{e}}ssy, Jenő and B{\'{a}}ny{\'{a}}sz, Csilla},
    pages = {340--342},
    series = {Advanced Textbooks in Control and Signal Processing},
    publisher = {Springer Singapore},
    url = {http://link.springer.com/10.1007/978-981-10-8297-9},
    address = {Singapore},
    isbn = {978-981-10-8296-2},
    doi = {10.1007/978-981-10-8297-9}
}

@book{Friedland1986,
    title = {{Control System Design: An Introduction to State-Space Methods}},
    year = {1986},
    author = {Friedland, Bernard},
    publisher = {Dover Publications},
    address = {Mineola, NY},
    isbn = {0486442780},
    issn = {15873781}
}

@book{Nise2015,
    title = {{Control Systems Engineering}},
    year = {2015},
    author = {Nise, Norman},
    edition = {Seventh},
    pages = {1--943},
    publisher = {Wiley},
    isbn = {978-1-118-80082-9}
}

@incollection{Boyd2004,
    title = {{Convex Optimization}},
    year = {2004},
    author = {Boyd, Stephen and Vandenberghe, Lieven},
    publisher = {Cambridge University Press}
}

@misc{DoCarmo1994,
    title = {{Differential Forms and Applications}},
    year = {1994},
    author = {do Carmo, Manfredo},
    publisher = {Springer-Verlag}
}

@phdthesis{Orie2020,
    title = {{Dynamic Modelling and Control of the Oil Market: An Economic Engineering Approach}},
    year = {2020},
    author = {Orie, N G},
    school = {Delft University of Technology},
    keywords = {msc, subject, thesis}
}

@book{Shone2002,
    title = {{Economic Dynamics}},
    year = {2002},
    author = {Shone, Ronald},
    pages = {1--724},
    publisher = {Cambridge University Press},
    address = {Cambridge},
    isbn = {978-0-511-07676-3}
}

@book{Samuelson2010,
    title = {{Economics}},
    year = {2010},
    author = {Samuelson, Paul A. and Nordhaus, William D.},
    edition = {19},
    publisher = {McGraw-Hill},
    address = {New York}
}

@book{Mankiw2017,
    title = {{Economics}},
    year = {2017},
    author = {Mankiw, N Gregory and Taylor, Mark P},
    edition = {4},
    publisher = {Cengage Learning},
    address = {Andover, Hampshire, UK},
    isbn = {978-1-4737-2533-1}
}

@book{Aoyama2017,
    title = {{Econophysics and Sociophysics: Recent Progress and Future Directions}},
    year = {2017},
    author = {Aoyama, Frédéric Abergel and Hideaki},
    editor = {Abergel, Frédéric and Aoyama, Hideaki and Chakrabarti, Bikas K. and Chakraborti, Anirban and Deo, Nivedita and Raina, Dhruv and Vodenska, Irena},
    series = {New Economic Windows},
    publisher = {Springer International Publishing},
    url = {http://link.springer.com/10.1007/978-3-319-47705-3},
    address = {Cham},
    isbn = {3-319-47705-6},
    doi = {10.1007/978-3-319-47705-3},
    keywords = {Applications of Graph Theory and Complex Networks, Chemistry and Earth Sciences, Computer Science, Data-driven Science, Modeling and Theory Building, Physics, Statistics, Statistics for Engineering}
}

@book{ONeill2006,
    title = {{Elementary Differential Geometry}},
    year = {2006},
    author = {O'Neill, Barrett},
    edition = {2},
    publisher = {Academic Press},
    address = {New York}
}

@article{Fjelstad1986,
    title = {{Extending special relativity via the perplex numbers}},
    year = {1986},
    journal = {American Journal of Physics},
    author = {Fjelstad, Paul},
    number = {5},
    pages = {416--422},
    volume = {54},
    doi = {10.1119/1.14605},
    issn = {0002-9505}
}

@inproceedings{Franklin2015,
    title = {{Feedback control of dynamic systems}},
    year = {2015},
    author = {Franklin, Gene and Powell, J. David and Emami-Naeini, Abbas},
    publisher = {Pearson Education},
    issn = {00051098}
}

@book{JohanAstrom2009,
    title = {{Feedback systems: An introduction for scientists and engineers}},
    year = {2009},
    booktitle = {Feedback Systems: An Introduction for Scientists and Engineers},
    author = {Johan {\AA}str{\"{o}}m, Karl and Murray, Richard M.},
    publisher = {Princeton University Press},
    address = {Princeton, NJ},
    isbn = {0691135762},
    doi = {10.5860/choice.46-2107},
    issn = {0009-4978}
}

@book{Verhaegen2007,
    title = {{Filtering and system identification: A least squares approach}},
    year = {2007},
    booktitle = {Filtering and System Identification A Least Squares Approach},
    author = {Verhaegen, Michel and Verdult, Vincent},
    pages = {1--405},
    volume = {9780521875},
    isbn = {9780511618888},
    doi = {10.1017/CBO9780511618888}
}

@article{Javaheri2003,
    title = {{Filtering in Finance}},
    year = {2003},
    journal = {Wilmott},
    author = {Javaheri, Alireza and Lautier, Delphine and Galli, Alain},
    number = {3},
    pages = {67--83},
    volume = {2003},
    doi = {10.1002/wilm.42820030315},
    issn = {15406962}
}

@book{VanHorne1978,
    title = {{Financial Market Rates and Flows}},
    year = {1978},
    author = {Van Horne, James C},
    publisher = {Prentice Hall},
    address = {Englewood Cliffs (NJ)},
    isbn = {0133161900}
}

@book{Zipf2003,
    title = {{Fixed Income Mathematics}},
    year = {2003},
    booktitle = {Fixed Income Mathematics},
    author = {Zipf, Robert},
    pages = {1--328},
    publisher = {Academic Press - Elsevier Science},
    isbn = {9780080506555},
    doi = {10.1016/B978-0-12-781721-7.X5000-7}
}

@book{Ratcliffe2019,
    title = {{Foundations of Hyperbolic Manifolds}},
    year = {2019},
    author = {Ratcliffe, John G.},
    series = {Graduate Texts in Mathematics},
    volume = {149},
    publisher = {Springer International Publishing},
    url = {http://link.springer.com/10.1007/978-3-030-31597-9},
    address = {Cham},
    isbn = {978-3-030-31596-2},
    doi = {10.1007/978-3-030-31597-9}
}

@book{Juvinall2012,
    title = {{Fundamentals of Machine Component and Design}},
    year = {2012},
    author = {Juvinall, Robert C and Marshek, Kurt M},
    edition = {5},
    pages = {929},
    publisher = {John Wiley and Sons},
    isbn = {9781118012895}
}

@incollection{Rooney2014,
    title = {{Generalised Complex Numbers in Mechanics}},
    year = {2014},
    booktitle = {Mechanisms and Machine Science},
    author = {Rooney, J.},
    editor = {Ceccarelli, Marco and Glazunov, Victor A.},
    pages = {55--62},
    series = {Mechanisms and Machine Science},
    volume = {22},
    publisher = {Springer International Publishing},
    url = {http://link.springer.com/10.1007/978-3-319-07058-2_7 http://link.springer.com/10.1007/978-3-319-07058-2},
    address = {Cham},
    isbn = {978-3-319-07057-5},
    doi = {10.1007/978-3-319-07058-2{\_}7},
    issn = {22110992},
    keywords = {Medical robot and biological soft tissue, Position/force control}
}

@article{Harkin2004,
    title = {{Geometry of Generalized Complex Numbers}},
    year = {2004},
    journal = {Mathematics Magazine},
    author = {Harkin, Anthony A. and Harkin, Joseph B.},
    number = {2},
    pages = {118--129},
    volume = {77},
    doi = {10.1080/0025570x.2004.11953236},
    issn = {0025-570X}
}

@book{Tung1985,
    title = {{Group Theory in Physics}},
    year = {1985},
    author = {Tung, Wu-Ki},
    publisher = {World Scientific Publishing},
    address = {Singapore},
    isbn = {9971966565},
    doi = {10.1126/science.152.3725.1048},
    issn = {0036-8075}
}

@article{Motter1998,
    title = {{Hyperbolic Calculus}},
    year = {1998},
    journal = {Advances in Applied Clifford Algebras},
    author = {Motter, A. E. and Rosa, M. A. F.},
    number = {1},
    pages = {109--128},
    volume = {8},
    doi = {10.1007/bf03041929},
    issn = {0188-7009}
}

@incollection{Cannon2013,
    title = {{Hyperbolic geometry}},
    year = {1997},
    author = {Cannon, James W and Floyd, William J and Kenyon, Richard and Parry, Walter R},
    volume = {31},
    publisher = {MSRI Publications},
    issn = {13125192}
}

@book{Delbaen2008,
    title = {{Interest Rate Models — Theory and Practice}},
    year = {2006},
    author = {Brigo, Damiano and Mercurio, Fabio},
    edition = {2},
    series = {Springer Finance},
    publisher = {Springer Berlin Heidelberg},
    url = {http://link.springer.com/content/pdf/10.1007/978-3-540-68688-0.pdf http://link.springer.com/10.1007/978-3-540-34604-3},
    address = {Berlin, Heidelberg},
    isbn = {978-3-540-22149-4},
    doi = {10.1007/978-3-540-34604-3}
}

@book{Varian2010,
    title = {{Intermediate Microeconomics: A Modern Approach}},
    year = {2010},
    author = {Varian, Hal R.},
    edition = {8},
    publisher = {W. W. Norton {\&} Company},
    url = {http://dx.doi.org/10.1016/j.cirp.2016.06.001%0Ahttp://dx.doi.org/10.1016/j.powtec.2016.12.055%0Ahttps://doi.org/10.1016/j.ijfatigue.2019.02.006%0Ahttps://doi.org/10.1016/j.matlet.2019.04.024%0Ahttps://doi.org/10.1016/j.matlet.2019.127252%0Ahttp://dx.doi.o},
    address = {New York},
    isbn = {9783642253874},
    doi = {10.1088/1751-8113/44/8/085201},
    issn = {17518113},
    pmid = {25246403},
    arxivId = {1011.1669}
}

@book{Boyd2018,
    title = {{Introduction to Applied Linear Algebra}},
    year = {2018},
    booktitle = {Introduction to Applied Linear Algebra},
    author = {Boyd, Stephen and Vandenberghe, Lieven},
    publisher = {Cambridge University Press},
    isbn = {9781316518960},
    doi = {10.1017/9781108583664}
}

@book{Fabozzi2011,
    title = {{Introduction to Fixed Income Analytics: Relative Value Analysis, Risk Measures, and Valuation}},
    year = {2010},
    booktitle = {Introduction to Fixed Income Analytics: Relative Value Analysis, Risk Measures, and Valuation},
    author = {Fabozzi, Frank J. and Mann, Steven V.},
    edition = {2},
    publisher = {John Wiley and Sons},
    isbn = {9780470572139},
    doi = {10.1002/9781118266649}
}

@book{Ramsay1995,
    title = {{Introduction to Hyperbolic Geometry}},
    year = {1995},
    author = {Ramsay, Arlan and Richtmyer, Robert D},
    publisher = {Springer Science+Business Media},
    address = {New York},
    isbn = {9781461264248},
    issn = {1095-9203},
    pmid = {24653031}
}

@book{Lee2000,
    title = {{Introduction to Topological Manifolds}},
    year = {2000},
    author = {Lee, John M},
    series = {Graduate Texts in Mathematics},
    publisher = {Springer-Verlag},
    address = {New York, NY}
}

@article{BUSER1986,
    title = {{Laplace Transforms as Present Value Rules: A Note}},
    year = {1986},
    journal = {The Journal of Finance},
    author = {Buser, Stephen A.},
    number = {1},
    pages = {243--247},
    volume = {41},
    doi = {10.1111/j.1540-6261.1986.tb04502.x},
    issn = {15406261}
}

@misc{Books2014,
    title = {{Lectures on the Geometric Anatomy of Theoretical Physics}},
    year = {2017},
    author = {Schuller, P}
}

@book{Mott2018,
    title = {{Machine Elements in Mechanical Design}},
    year = {2018},
    author = {Mott, Robert L. and Vavrek, Edward M. and Wang, Jyhwen},
    edition = {6},
    publisher = {Pearson Education},
    address = {New York},
    isbn = {9780134441184}
}

@book{Focardi2013,
    title = {{Mathematical Methods for Finance: Tools for Asset and Risk Management}},
    year = {2013},
    author = {Focardi, Sergio M and Fabozzi, Frank J and Bali, Turan},
    edition = {NV - 1 onl},
    series = {The Frank J. Fabozzi series},
    publisher = {Wiley},
    url = {http://site.ebrary.com/id/10768964 https://search.ebscohost.com/login.aspx?direct=true&scope=site&db=nlebk&db=nlabk&AN=642569 http://www.myilibrary.com?id=522017 https://www.overdrive.com/search?q=6F2F0610-916E-4D53-BB38-E19ACC12069A https://public.ebookc},
    address = {Hoboken, New Jersey},
    isbn = {9781118656600 1118656601 9781118420089 111842008X 9781118421499 1118421493},
    language = {English}
}

@book{Arnold1989,
    title = {{Mathematical Methods of Classical Mechanics}},
    year = {1989},
    author = {Arnol'd, V.I.},
    editor = {Ewing, J.H. and Gehring, F.W. and Halmos, P.R.},
    edition = {2},
    publisher = {Springer-Verlag},
    address = {New York}
}

@article{Franksen1969,
    title = {{Mathematical programming in economics by physical analogies: Part III: System equilibrium and mathematical programming}},
    year = {1969},
    journal = {Simulation},
    author = {Franksen, Ole I.},
    number = {2},
    pages = {63--87},
    volume = {13},
    doi = {10.1177/003754976901300203},
    issn = {17413133}
}

@book{LynnArthur1978,
    title = {{Mathematics Today - Twelve Informal Essays}},
    year = {1978},
    booktitle = {Mathematics Today Twelve Informal Essays},
    editor = {Steen, Lynn Arthur},
    publisher = {Springer-Verlag},
    isbn = {9781461394372}
}

@book{Landau1976,
    title = {{Mechanics}},
    year = {1969},
    author = {Landau, L D and Lifshitz, E M},
    edition = {2},
    series = {Course of Theoretical Physics},
    volume = {I},
    publisher = {Pergamon Press},
    url = {http://www.columbia.edu/cgi-bin/cul/resolve?clio10817971},
    address = {Oxford},
    isbn = {9780750628969{\textbackslash}r0750628960 (Trade Paper)},
    issn = {1095-7103},
    pmid = {10817971}
}

@misc{Mas-Colell1995,
    title = {{Microeconomic Theory}},
    year = {1995},
    author = {Mas-Colell, Andreu and Whinston, Michael Dennis and Green, Jerry R.},
    pages = {501},
    publisher = {Oxford University Press},
    address = {New York}
}

@book{Rawlings2019,
    title = {{Model predictive control: Theory, Computation and Design}},
    year = {2019},
    author = {Rawlings, James B. and Mayne, David Q. and Diehl, Moritz M.},
    edition = {2},
    publisher = {Nob Hill Publishing, LLC},
    address = {Santa Barbara, CA}
}

@book{Karnopp2012,
    title = {{Modeling, Simulation, and Control of Mechatronic Systems}},
    year = {2012},
    author = {Karnopp, D. C. and Margolis, D. L. and Rosenberg, R. C.},
    edition = {5},
    pages = {648},
    publisher = {John Wiley and Sons},
    address = {Hoboken, NJ},
    isbn = {9780470889084}
}

@phdthesis{Huisman2019,
    title = {{Modelling and Control of a Dynamical Labour Market System: An Economic Engineering Approach}},
    year = {2019},
    author = {Huisman, L.S.},
    school = {Delft University of Technology}
}

@book{Ogatsa2010,
    title = {{Modern Control Engineering}},
    year = {2010},
    author = {Ogatsa, Katsuhiko},
    edition = {Fifth},
    publisher = {Prentice Hall},
    isbn = {0-13-615673-8}
}

@book{Neave2009,
    title = {{Modern Financial Systems: Theory and Applications}},
    year = {2009},
    author = {Neave, Edwin},
    edition = {NV - 1 onl},
    series = {The Frank J. Fabozzi series},
    publisher = {John Wiley {\&} Sons},
    url = {http://www.123library.org/book_details/?id=6755 http://site.ebrary.com/id/10341614 https://search.ebscohost.com/login.aspx?direct=true&scope=site&db=nlebk&db=nlabk&AN=295985 http://www.myilibrary.com?id=231471 https://proquest.safaribooksonline.com/978047},
    address = {Hoboken, N.J.},
    isbn = {9781118267714 1118267710 9780470538111 0470538112 9780470419731 0470419733 1282314718 9781282314719},
    language = {English}
}

@misc{Skogestad2007,
    title = {{Multivariable Feedback Control—Analysis and Design}},
    year = {2007},
    booktitle = {IEEE Control Systems},
    author = {Skogestad, Sigurd and Postlethwaite, Ian},
    number = {1},
    volume = {27},
    publisher = {John Wiley and Sons},
    doi = {10.1109/MCS.2007.284514},
    issn = {1066033X}
}

@book{Stillwell2008,
    title = {{Naive Lie Theory}},
    year = {2008},
    author = {Stillwell, John},
    series = {Undergratuate Texts in Mathematics},
    publisher = {Springer Science+Business Media},
    address = {New York}
}

@book{Stillwell2008b,
    title = {{Naive Lie Theory}},
    year = {2008},
    author = {Stillwell, John},
    series = {Undergraduate Texts in Mathematics},
    publisher = {Springer New York},
    url = {http://link.springer.com/10.1007/978-0-387-78214-0},
    address = {New York, NY},
    isbn = {9788578110796},
    doi = {10.1007/978-0-387-78214-0},
    issn = {1098-6596},
    pmid = {25246403},
    arxivId = {arXiv:1011.1669v3},
    keywords = {icle}
}

@book{Kalyagin2014,
    title = {{Network Models in Economics and Finance}},
    year = {2014},
    editor = {Kalyagin, Valery A. and Pardalos, Panos M. and Rassias, Themistocles M.},
    series = {Springer Optimization and Its Applications},
    volume = {100},
    publisher = {Springer International Publishing},
    url = {http://link.springer.com/10.1007/978-3-319-09683-4},
    address = {Cham},
    isbn = {978-3-319-09682-7},
    doi = {10.1007/978-3-319-09683-4}
}

@book{Khalil2015,
    title = {{Nonlinear Control}},
    year = {2015},
    author = {Khalil, Hassan K.},
    publisher = {Pearson Education},
    address = {Harlow},
    isbn = {1-292-06050-6}
}

@book{Nocedal2006,
    title = {{Numerical Optimization}},
    year = {2006},
    author = {Nocedal, Jorge and Wright, Stephen J},
    edition = {2},
    publisher = {Springer Science+Business Media},
    address = {New York},
    isbn = {978-0387-30303-1},
    keywords = {Mathematical optimization}
}

@article{Roa2015,
    title = {{Orbit propagation in Minkowskian geometry}},
    year = {2015},
    journal = {Celestial Mechanics and Dynamical Astronomy},
    author = {Roa, Javier and Pel{\'{a}}ez, Jesús},
    number = {1},
    pages = {13--43},
    volume = {123},
    publisher = {Springer Netherlands},
    doi = {10.1007/s10569-015-9627-2},
    issn = {15729478},
    keywords = {Comets, Dromo, Hyperbolic orbits, Minkowskian geometry, Numerical methods}
}

@article{Hutters2020,
    title = {{Overcoming the dissipation obstacle with Bicomplex Port-Hamiltonian Mechanics}},
    year = {2020},
    author = {Hutters, Coen and Mendel, Max},
    keywords = {dissipation obstacle, energy shaping, energy-casimir method, hamiltonian mechanics, port-hamiltonian systems}
}

@book{LaValleSteven2006,
    title = {{Planning Algorithms}},
    year = {2006},
    author = {LaValle, Steven, M.},
    publisher = {Cambridge University Press}
}

@incollection{Ghys2010,
    title = {{Poincar{\'{e}} and his disk}},
    year = {2010},
    booktitle = {The Scientific Legacy of Poincar{\'{e}}},
    author = {Ghys, Etienne},
    chapter = {1},
    pages = {17--45},
    series = {History of Mathematics},
    volume = {36},
    publisher = {The American Mathematical Society}
}

@article{VanDerSchaft2006,
    title = {{Port-Hamiltonian systems: An introductory survey}},
    year = {2006},
    journal = {International Congress of Mathematicians, ICM 2006},
    author = {Van Der Schaft, Arjan},
    pages = {1339--1365},
    volume = {3},
    doi = {10.4171/022-3/65},
    keywords = {Boundary control, Conservation laws, Constrained systems, Dirac structures, Hamiltonian DAEs, Interconnection, Stabilization}
}

@book{Higham1968,
    title = {{Princeton Companion to Applied Mathematics}},
    year = {2015},
    booktitle = {Princeton Reference},
    author = {Higham, Nicholas J.},
    editor = {Higham, Nicholas J.},
    publisher = {Princeton University Press},
    address = {Princeton, NJ},
    isbn = {9780691150390},
    issn = {00197866}
}

@book{Kosowski2015,
    title = {{Principles of Financial Engineering}},
    year = {2015},
    author = {Sataloff, Robert T and Johns, Michael M and Kost, Karen M and Kosowski, Robert and Neftci, Salih N T A - T T -},
    edition = {Third edit},
    series = {Academic Press Advanced Finance},
    publisher = {Academic Press},
    url = {http://site.ebrary.com/id/10997064 https://public.ebookcentral.proquest.com/choice/publicfullrecord.aspx?p=1874374 https://proquest.safaribooksonline.com/9780123869685},
    address = {San Diego, CA},
    isbn = {9780123870070 0123870070},
    language = {English}
}

@book{Kosowski2015b,
    title = {{Principles of Financial Engineering}},
    year = {2015},
    author = {Kosowski, Robert and Neftci, Salih N},
    edition = {3},
    publisher = {Academic Press},
    address = {London},
    isbn = {9780123870070 0123870070},
    language = {English}
}

@book{Papalambros2000,
    title = {{Principles of Optimal Design}},
    year = {2000},
    booktitle = {Principles of Optimal Design},
    author = {Papalambros, Panos Y. and Wilde, Douglass J.},
    edition = {2},
    publisher = {Cambridge University Press},
    isbn = {0521622158},
    doi = {10.1017/cbo9780511626418}
}

@book{McNeil2005,
    title = {{Quantitative risk management: Concepts, techniques, and tools}},
    year = {2005},
    booktitle = {Quantitative Risk Management: Concepts, Techniques, and Tools},
    author = {McNeil, Alexander J. and Frey, Rüdiger and Embrechts, Paul},
    publisher = {Princeton University Press},
    isbn = {0691122555},
    doi = {10.1198/jasa.2006.s156},
    issn = {0162-1459}
}

@book{Lifshitz1965,
    title = {{Quantum Mechanics - Non-relativistic Theory}},
    year = {1965},
    author = {Landau, L D and Lifshitz, E M},
    edition = {2},
    series = {Course of Theoretical Physics},
    volume = {3},
    publisher = {Pergamon Press},
    address = {Oxford}
}

@incollection{Sutton2014,
    title = {{Reinforcement Learning: An Introduction}},
    year = {2014},
    author = {Sutton, Richard S. and Barto, Andrew G.},
    publisher = {The MIT Press},
    address = {Cambridge, MA},
    isbn = {9781609601652},
    doi = {10.4018/978-1-60960-165-2.ch004}
}

@book{Berestetskii1971,
    title = {{Relativistic Quantum Theory}},
    year = {1971},
    author = {Berestetskii, V. B. and Lifshitz, E. M. and Pitaevskii, L. P.},
    series = {Course of Theoretical Physics},
    volume = {4},
    publisher = {Pergamon Press},
    address = {Oxford}
}

@article{REDINGTON1952,
    title = {{Review of the Principles of Life-office Valuations}},
    year = {1952},
    journal = {Journal of the Institute of Actuaries (1886-1994)},
    author = {Redington, F M},
    number = {3},
    month = {3},
    pages = {286--340},
    volume = {78},
    publisher = {Cambridge University Press},
    url = {http://www.jstor.org/stable/41139015},
    issn = {00202681}
}

@book{Hull2015,
    title = {{Risk Management and Financial Institutions}},
    year = {2015},
    author = {Hull, John C.},
    edition = {4},
    pages = {743},
    publisher = {John Wiley and Sons},
    address = {Hoboken, NJ},
    isbn = {9781118269039},
    issn = {1098-6596},
    pmid = {25246403},
    arxivId = {arXiv:1011.1669v3}
}

@book{Oppenheim1996,
    title = {{Signals {\&} Systems}},
    year = {1996},
    author = {Oppenheim, A V and Willsky, A S and Nawab, S H},
    isbn = {9781787284395}
}

@book{Zeng2013,
    title = {{State-space models: Applications in Economics and Finance}},
    year = {2013},
    booktitle = {State-Space Models: Applications in Economics and Finance},
    author = {Zeng, Yong and Wu, Shu},
    pages = {1--347},
    isbn = {9781461477891},
    doi = {10.1007/978-1-4614-7789-1}
}

@book{Landau1969,
    title = {{Statistical physics}},
    year = {1969},
    author = {Landau, L D and Lifshitz, E M},
    edition = {2},
    series = {Course of Theoretical Physics},
    volume = {5},
    publisher = {Pergamon Press},
    address = {Oxford}
}

@article{Shreve2004,
    title = {{Stochastic Calculus for Finance I: The Binomial Asset Pricing Model}},
    year = {2004},
    journal = {The Binomial Asset Pricing Model},
    author = {Shreve, Steven E},
    pages = {208},
    url = {http://books.google.com/books?id=lwhhrGEkt_AC&printsec=frontcover&dq=stochastic+calculus+for+finance&hl=&cd=2&source=gbs_api%5Cnpapers2://publication/uuid/811F7EEE-10FC-445C-9DFC-23D9E50D7C4A},
    isbn = {9780387401003},
    doi = {10.1007/978-3-540-31299-4},
    issn = {9780387401003}
}

@book{Itskov2009,
    title = {{Tensor Algebra and Tensor Analysis for Engineers}},
    year = {2007},
    author = {Itskov, Mikhail},
    publisher = {Springer-Verlag},
    isbn = {978-3-540-36046-9}
}

@book{Nayak2012,
    title = {{Textbook of Tensor Calculus and Differential Geometry}},
    year = {2012},
    author = {Nayak, Prasun Kumar.},
    publisher = {PHI Learning Private},
    address = {New Delhi},
    isbn = {9788120345072}
}

@phdthesis{Hutters2020a,
    title = {{The Analytical Mechanics of Consumption}},
    year = {2020},
    author = {Hutters, Coenraad},
    school = {Delft University of Technology}
}

@phdthesis{Vos2019,
    title = {{The Application of System and Control Theory to Monetary Policy: Development of a First-Principles LTI Model of the Economy}},
    year = {2019},
    author = {Vos, M. A.},
    school = {Delft University of Technology}
}

@book{Landau1971,
    title = {{The Classical Theory of Fields}},
    year = {1971},
    author = {Landau, L D and Lifshitz, E. M},
    series = {Course of Theoretical Physics},
    volume = {2},
    publisher = {Pergamon Press},
    address = {Oxford}
}

@article{Anderson2007,
    title = {{The Credit Scoring Toolkit - Theory and Practice for Retail Credit Risk Management and Decision Automation}},
    year = {2007},
    author = {Anderson, Raymond},
    pages = {1--790},
    isbn = {978-0-19-922640-5}
}

@phdthesis{Mulder2019,
    title = {{The Dynamical Behaviour and Control of an Enterprise}},
    year = {2019},
    author = {Mulder, J J D},
    pages = {1--87},
    school = {Delft University of Technology}
}

@book{Lang1996,
    title = {{The Foundations of Geometry and the Non-Euclidean Plane}},
    year = {1975},
    author = {Martin, George E},
    series = {Undergraduate Texts in Mathematics},
    publisher = {Springer-Verlag},
    url = {http://www.amazon.com/Undergraduate-Analysis-Texts-Mathematics/dp/0387948414},
    address = {New York},
    isbn = {0387948414}
}

@article{Chung2009,
    title = {{The geometry of minkowski space in terms of hyperbolic angles}},
    year = {2009},
    journal = {Journal of the Korean Physical Society},
    author = {Chung, Jean S. and L'Yi, Won Sik and Chung, Jin Hyun},
    number = {6},
    pages = {2323--2327},
    volume = {55},
    doi = {10.3938/jkps.55.2323},
    issn = {03744884},
    keywords = {Special relativity}
}

@article{Sobczyk1995,
    title = {{The Hyperbolic Number Plane}},
    year = {1995},
    journal = {The College Mathematics Journal},
    author = {Sobczyk, Garret},
    number = {4},
    pages = {268--280},
    volume = {26}
}

@phdthesis{Smit2018,
    title = {{The Interpretation and Application of 300 Years of Optimal Control in Economics}},
    year = {2018},
    author = {Smit, Ruud},
    school = {Delft University of Technology}
}

@book{Catoni2008,
    title = {{The Mathematics of Minkowski Space-Time}},
    year = {2008},
    author = {Catoni, Francesco and Boccaletti, Dino and Cannata, Roberto and Catoni, Vincenzo and Nichelatti, Enrico and Zampetti, Paolo},
    series = {Frontiers in Mathematics},
    publisher = {Birkha{\"{u}}ser Verlag},
    address = {Basel, Switzerland}
}

@book{Growan2013,
    title = {{The Princeton Companion to Mathematics}},
    year = {2008},
    author = {Gowers, Timothy},
    editor = {Gowers, Timothy},
    publisher = {Princeton University Press},
    address = {Princeton, NJ}
}

@book{Growan2013b,
    title = {{The Princeton Companion to Mathematics}},
    year = {2008},
    author = {Gowers, Timothy},
    editor = {Gowers, Timothy},
    publisher = {Princeton University Press},
    address = {Princeton, NJ},
    isbn = {9788578110796},
    issn = {1098-6596},
    pmid = {25246403},
    arxivId = {arXiv:1011.1669v3}
}

@book{Kellison1991,
    title = {{The Theory of Interest}},
    year = {1991},
    booktitle = {The Theory of Interest},
    author = {Kellison, S. G.},
    edition = {2},
    publisher = {Richard D. Irwin},
    isbn = {9781315135359},
    doi = {10.4324/9781315135359}
}

@phdthesis{Manders2019,
    title = {{The Thermodynamics of Economic Engineering with Applications to Economic Growth}},
    year = {2019},
    author = {Manders, Nicolas},
    school = {Delft University of Technology}
}

@article{Zeeman1967,
    title = {{The Topology of Minkowski Space}},
    year = {1967},
    journal = {Topology},
    author = {Zeeman, E. C.},
    number = {2},
    pages = {161--170},
    volume = {6},
    doi = {10.1016/0040-9383(67)90033-X},
    issn = {00409383}
}

@book{Thurston1997,
    title = {{Three-Dimensional Geometry and Topology}},
    year = {1997},
    author = {Thurston, William P},
    editor = {Levy, Silvio},
    volume = {1},
    publisher = {Princeton University Press},
    address = {Princeton, NJ}
}

@phdthesis{Svedhem2004,
    title = {{Using Mechanical System Dynamics to Model Time-Discounting Behavioural Economics}},
    year = {2004},
    author = {Svedhem, Sten Edvard},
    school = {Delft University of Technology}
}

@book{Cline2017,
    title = {{Variational Principles in Classical Mechanics}},
    year = {2017},
    author = {Cline, Douglas},
    number = {August},
    pages = {3},
    publisher = {University of Rochester River Campus Libraries, Rochester, NY(U.S.A.)},
    isbn = {978-0-9988372-4-6},
    keywords = {mechanics, physics, textbooks}
}

@book{Needham1997,
    title = {{Visual Complex Analysis}},
    year = {1997},
    author = {Needham, Tristan},
    publisher = {Oxford University Press},
    address = {New York}
}

@article{AnalysisAnModelling,
    title = {{An Engineering Grey-Box Approach to Macroeconomic Scenario Modelling}},
    author = {Analysis, Frequency Domain and Systems, Macroeconomic}
}

@article{Coroz2020AutomatingControl,
    title = {{Automating Trades in Oil Futures using Model Predictive Control}},
    year = {2020},
    author = {Coroz, Meltem and Doorn, Jan Laurenszoon Van and Hugenholtz, Maarten and Menkveld, Berend and Ganjuran, Ignaz Schmutzer De}
}

@article{Caspers2010RFChart,
    title = {{RF Engineering Basic Concepts : The Smith Chart}},
    year = {2010},
    author = {Caspers, Fritz},
    number = {June}
}
